@article{jatnika2019word2vec,
  title={Word2vec model analysis for semantic similarities in english words},
  author={Jatnika, Derry and Bijaksana, Moch Arif and Suryani, Arie Ardiyanti},
  journal={Procedia Computer Science},
  volume={157},
  pages={160--167},
  year={2019},
  publisher={Elsevier}
}